@inproceedings{hermann2015teaching,
  title={Teaching machines to read and comprehend},
  author={Hermann, Karl Moritz and Kocisky, Tomas and Grefenstette, Edward and Espeholt, Lasse and Kay, Will and Suleyman, Mustafa and Blunsom, Phil},
  booktitle={Advances in Neural Information Processing Systems},
  pages={1693--1701},
  year={2015}
}

@article{chen2016thorough,
	title={A thorough examination of the cnn/daily mail reading comprehension task},
	author={Chen, Danqi and Bolton, Jason and Manning, Christopher D},
	journal={arXiv preprint arXiv:1606.02858},
	year={2016}
}

@inproceedings{andrenucci2005automated,
	title={Automated question answering: Review of the main approaches},
	author={Andrenucci, Andrea and Sneiders, Eriks},
	booktitle={Information Technology and Applications, 2005. ICITA 2005. Third International Conference on},
	volume={1},
	pages={514--519},
	year={2005},
	organization={IEEE}
}

@article{cho2014learning,
	title={Learning phrase representations using RNN encoder-decoder for statistical machine translation},
	author={Cho, Kyunghyun and Van Merri{\"e}nboer, Bart and Gulcehre, Caglar and Bahdanau, Dzmitry and Bougares, Fethi and Schwenk, Holger and Bengio, Yoshua},
	journal={arXiv preprint arXiv:1406.1078},
	year={2014}
}

@article{collobert2011natural,
	title={Natural language processing (almost) from scratch},
	author={Collobert, Ronan and Weston, Jason and Bottou, L{\'e}on and Karlen, Michael and Kavukcuoglu, Koray and Kuksa, Pavel},
	journal={Journal of Machine Learning Research},
	volume={12},
	number={Aug},
	pages={2493--2537},
	year={2011}
}

@article{erhan2010does,
	title={Why does unsupervised pre-training help deep learning?},
	author={Erhan, Dumitru and Bengio, Yoshua and Courville, Aaron and Manzagol, Pierre-Antoine and Vincent, Pascal and Bengio, Samy},
	journal={Journal of Machine Learning Research},
	volume={11},
	number={Feb},
	pages={625--660},
	year={2010}
}

@article{graves2016hybrid,
	title={Hybrid computing using a neural network with dynamic external memory},
	author={Graves, Alex and Wayne, Greg and Reynolds, Malcolm and Harley, Tim and Danihelka, Ivo and Grabska-Barwi{\'n}ska, Agnieszka and Colmenarejo, Sergio G{\'o}mez and Grefenstette, Edward and Ramalho, Tiago and Agapiou, John and others},
	journal={Nature},
	volume={538},
	number={7626},
	pages={471--476},
	year={2016},
	publisher={Nature Research}
}

@article{hirschman2001natural,
	title={Natural language question answering: the view from here},
	author={Hirschman, Lynette and Gaizauskas, Robert},
	journal={natural language engineering},
	volume={7},
	number={4},
	pages={275--300},
	year={2001},
	publisher={Cambridge University Press}
}

@article{hochreiter1997long,
	title={Long short-term memory},
	author={Hochreiter, Sepp and Schmidhuber, J{\"u}rgen},
	journal={Neural computation},
	volume={9},
	number={8},
	pages={1735--1780},
	year={1997},
	publisher={MIT Press}
}

@article{joshi2017triviaqa,
	title={TriviaQA: A Large Scale Distantly Supervised Challenge Dataset for Reading Comprehension},
	author={Joshi, Mandar and Choi, Eunsol and Weld, Daniel S and Zettlemoyer, Luke},
	journal={arXiv preprint arXiv:1705.03551},
	year={2017}
}

@article{kalchbrenner2014convolutional,
	title={A convolutional neural network for modelling sentences},
	author={Kalchbrenner, Nal and Grefenstette, Edward and Blunsom, Phil},
	journal={arXiv preprint arXiv:1404.2188},
	year={2014}
}

@inproceedings{kumar2016ask,
	title={Ask me anything: Dynamic memory networks for natural language processing},
	author={Kumar, Ankit and Irsoy, Ozan and Ondruska, Peter and Iyyer, Mohit and Bradbury, James and Gulrajani, Ishaan and Zhong, Victor and Paulus, Romain and Socher, Richard},
	booktitle={International Conference on Machine Learning},
	pages={1378--1387},
	year={2016}
}

@inproceedings{lehnert1977conceptual,
	title={A conceptual theory of question answering},
	author={Lehnert, Wendy G},
	booktitle={Proceedings of the 5th international joint conference on Artificial intelligence-Volume 1},
	pages={158--164},
	year={1977},
	organization={Morgan Kaufmann Publishers Inc.}
}

@article{mikolov2013efficient,
	title={Efficient estimation of word representations in vector space},
	author={Mikolov, Tomas and Chen, Kai and Corrado, Greg and Dean, Jeffrey},
	journal={arXiv preprint arXiv:1301.3781},
	year={2013}
}

@article{miller2016key,
	title={Key-value memory networks for directly reading documents},
	author={Miller, Alexander and Fisch, Adam and Dodge, Jesse and Karimi, Amir-Hossein and Bordes, Antoine and Weston, Jason},
	journal={arXiv preprint arXiv:1606.03126},
	year={2016}
}

@article{peng2015towards,
	title={Towards neural network-based reasoning},
	author={Peng, Baolin and Lu, Zhengdong and Li, Hang and Wong, Kam-Fai},
	journal={arXiv preprint arXiv:1508.05508},
	year={2015}
}

@inproceedings{pennington2014glove,
	title={Glove: Global vectors for word representation},
	author={Pennington, Jeffrey and Socher, Richard and Manning, Christopher},
	booktitle={Proceedings of the 2014 conference on empirical methods in natural language processing (EMNLP)},
	pages={1532--1543},
	year={2014}
}

@inproceedings{sukhbaatar2015end,
	title={End-to-end memory networks},
	author={Sukhbaatar, Sainbayar and Weston, Jason and Fergus, Rob and others},
	booktitle={Advances in neural information processing systems},
	pages={2440--2448},
	year={2015}
}

@article{weston2015towards,
	title={Towards ai-complete question answering: A set of prerequisite toy tasks},
	author={Weston, Jason and Bordes, Antoine and Chopra, Sumit and Rush, Alexander M and van Merri{\"e}nboer, Bart and Joulin, Armand and Mikolov, Tomas},
	journal={arXiv preprint arXiv:1502.05698},
	year={2015}
}

@article{weston2014memory,
	title={Memory networks},
	author={Weston, Jason and Chopra, Sumit and Bordes, Antoine},
	journal={arXiv preprint arXiv:1410.3916},
	year={2014}
}

@article{bojanowski2016enriching,
	title={Enriching word vectors with subword information},
	author={Bojanowski, Piotr and Grave, Edouard and Joulin, Armand and Mikolov, Tomas},
	journal={arXiv preprint arXiv:1607.04606},
	year={2016}
}

@inproceedings{artetxe2016learning,
	title={Learning principled bilingual mappings of word embeddings while preserving monolingual invariance.},
	author={Artetxe, Mikel and Labaka, Gorka and Agirre, Eneko},
	booktitle={EMNLP},
	pages={2289--2294},
	year={2016}
}

@inproceedings{duong2017multilingual,
	title={Multilingual training of crosslingual word embeddings},
	author={Duong, Long and Kanayama, Hiroshi and Ma, Tengfei and Bird, Steven and Cohn, Trevor},
	booktitle={Proceedings of the 15th Conference of the European Chapter of the Association for Computational Linguistics: Volume 1, Long Papers},
	volume={1},
	pages={894--904},
	year={2017}
}

@inproceedings{artetxe2017learning,
	title={Learning bilingual word embeddings with (almost) no bilingual data},
	author={Artetxe, Mikel and Labaka, Gorka and Agirre, Eneko},
	booktitle={Proceedings of the 55th Annual Meeting of the Association for Computational Linguistics (Volume 1: Long Papers)},
	volume={1},
	pages={451--462},
	year={2017}
}

@article{cho2014properties,
	title={On the properties of neural machine translation: Encoder-decoder approaches},
	author={Cho, Kyunghyun and Van Merri{\"e}nboer, Bart and Bahdanau, Dzmitry and Bengio, Yoshua},
	journal={arXiv preprint arXiv:1409.1259},
	year={2014}
}

@inproceedings{gouws2015simple,
	title={Simple task-specific bilingual word embeddings.},
	author={Gouws, Stephan and S{\o}gaard, Anders},
	booktitle={HLT-NAACL},
	pages={1386--1390},
	year={2015}
}

@inproceedings{gouws2015bilbowa,
	title={Bilbowa: Fast bilingual distributed representations without word alignments},
	author={Gouws, Stephan and Bengio, Yoshua and Corrado, Greg},
	booktitle={Proceedings of the 32nd International Conference on Machine Learning (ICML-15)},
	pages={748--756},
	year={2015}
}

@article{ganin2016domain,
	title={Domain-adversarial training of neural networks},
	author={Ganin, Yaroslav and Ustinova, Evgeniya and Ajakan, Hana and Germain, Pascal and Larochelle, Hugo and Laviolette, Fran{\c{c}}ois and Marchand, Mario and Lempitsky, Victor},
	journal={Journal of Machine Learning Research},
	volume={17},
	number={59},
	pages={1--35},
	year={2016}
}

@article{chomsky1956three,
	title={Three models for the description of language},
	author={Chomsky, Noam},
	journal={IRE Transactions on information theory},
	volume={2},
	number={3},
	pages={113--124},
	year={1956},
	publisher={IEEE}
}

@inproceedings{banko2001mitigating,
	title={Mitigating the paucity-of-data problem: Exploring the effect of training corpus size on classifier performance for natural language processing},
	author={Banko, Michele and Brill, Eric},
	booktitle={Proceedings of the first international conference on Human language technology research},
	pages={1--5},
	year={2001},
	organization={Association for Computational Linguistics}
}

@article{trischler2016newsqa,
	title={NewsQA: A Machine Comprehension Dataset},
	author={Trischler, Adam and Wang, Tong and Yuan, Xingdi and Harris, Justin and Sordoni, Alessandro and Bachman, Philip and Suleman, Kaheer},
	journal={arXiv preprint arXiv:1611.09830},
	year={2016}
}

@article{rajpurkar2016squad,
	title={Squad: 100,000+ questions for machine comprehension of text},
	author={Rajpurkar, Pranav and Zhang, Jian and Lopyrev, Konstantin and Liang, Percy},
	journal={arXiv preprint arXiv:1606.05250},
	year={2016}
}

@article{li2016dataset,
	title={Dataset and neural recurrent sequence labeling model for open-domain factoid question answering},
	author={Li, Peng and Li, Wei and He, Zhengyan and Wang, Xuguang and Cao, Ying and Zhou, Jie and Xu, Wei},
	journal={arXiv preprint arXiv:1607.06275},
	year={2016}
}


@online{elmundosample,
	author = {El Mundo},
	title = {Trump insinúa en Japón que volverá a colocar a Corea del Norte entre los países que apoyan el terrorismo},
	date = {08/11/2017},
	url = {http://www.elmundo.es/internacional/2017/11/05/59fe7389ca47411b738b45db.html},
}

